@phdthesis{srivastava2013improving,
  title={Improving neural networks with dropout},
  author={Srivastava, Nitish},
  year={2013},
  school={University of Toronto}
}

@inproceedings{wan2013dropconnect,
  title={Regularization of neural networks using dropconnect},
  author={Wan, Li and Zeiler, Matthew and Zhang, Sixin and Cun, Yann L and Fergus, Rob},
  booktitle={ICML},
  year={2013},
}

@inproceedings{goodfellow13maxout,
  author    = {Ian J. Goodfellow and
               David Warde{-}Farley and
               Mehdi Mirza and
               Aaron C. Courville and
               Yoshua Bengio},
  title     = {Maxout Networks},
  booktitle = {ICML},
  year      = {2013},
}
